
@inproceedings{Beck:2014:RVD:2591062.2591111,
 author = {Beck, Fabian and Gulan, Stefan and Biegel, Benjamin and Baltes, Sebastian and Weiskopf, Daniel},
 title = {RegViz: Visual Debugging of Regular Expressions},
 booktitle = {Companion Proceedings of the 36th International Conference on Software Engineering},
 series = {ICSE Companion 2014},
 year = {2014},
 isbn = {978-1-4503-2768-8},
 location = {Hyderabad, India},
 pages = {504--507},
 numpages = {4},
 url = {http://doi.acm.org/10.1145/2591062.2591111},
 doi = {10.1145/2591062.2591111},
 acmid = {2591111},
 publisher = {ACM},
 address = {New York, NY, USA},
 keywords = {Regular expressions, program comprehension, software visualization, syntax highlighting, visual debugging},
} 

@inproceedings{Begel:2010:CDE:1806799.1806821,
 author = {Begel, Andrew and Khoo, Yit Phang and Zimmermann, Thomas},
 title = {Codebook: Discovering and Exploiting Relationships in Software Repositories},
 booktitle = {Proceedings of the 32Nd ACM/IEEE International Conference on Software Engineering - Volume 1},
 series = {ICSE '10},
 year = {2010},
 isbn = {978-1-60558-719-6},
 location = {Cape Town, South Africa},
 pages = {125--134},
 numpages = {10},
 url = {http://doi.acm.org/10.1145/1806799.1806821},
 doi = {10.1145/1806799.1806821},
 acmid = {1806821},
 publisher = {ACM},
 address = {New York, NY, USA},
 keywords = {inter-team coordination, knowledge management, mining software repositories, regular expression, regular language reachability, social networking},
} 
